 @misc{ DIY,
   author = "Ricky Eatough",
   title = "The Ultimate DIY Guide to Quadcopters",
   note = {Available at \url{http://www.instructables.com/id/The-Ultimate-DIY-Guide-to-Quadcopters/}}
 }
 
  @misc{ Board,
   title = "DE0-Nano Development and Education Board",
   note = {Available at \url{http://www.terasic.com.tw/cgi-bin/page/archive.pl?Language=English&CategoryNo=139&No=593&PartNo=7}}
 }
 
   @misc{ FPGA,
   title = "DE0-Nano Development and Education Board",
   note = {Available at \url{https://en.wikipedia.org/wiki/Field-programmable_gate_array}}
 }
 
    @misc{ Drone,
   title = "DE0-Nano Development and Education Board",
   note = {Available at \url{http://www.cnn.com/2015/02/09/tech/gimball-drones-for-good/}}
 }
 
     @misc{ Safety,
   title = "DE0-Nano Development and Education Board",
   note = {Available at \url{http://thefancyvoyager.com/quadcopter-safety-tips/}}
 }
 
 
 
 
 
 
 